@INPROCEEDINGS{Dillon2010, 
author={Dillon, T. and Chen Wu and Chang, E.}, 
booktitle={Advanced Information Networking and Applications (AINA), 2010 24th IEEE International Conference on}, 
title={Cloud Computing: Issues and Challenges}, 
year={2010}, 
pages={27-33}, 
keywords={Internet;grid computing;open systems;software architecture;ICT industry;cloud computing;cloud interoperability;grid computing;service-oriented Computing;Australia;Cloud computing;Computer networks;Distributed computing;Ecosystems;File servers;Grid computing;Intelligent networks;NIST;Physics computing;Cloud computing;Distributed Comptuing;Servcice-Oriented Computing;Web Services}, 
doi={10.1109/AINA.2010.187}, 
ISSN={1550-445X},}

@INPROCEEDINGS{Hoffa2008, 
author={Hoffa, C. and Mehta, G. and Freeman, T. and Deelman, E. and Keahey, K. and Berriman, B. and Good, J.}, 
booktitle={eScience, 2008. eScience '08. IEEE Fourth International Conference on}, 
title={On the Use of Cloud Computing for Scientific Workflows}, 
year={2008}, 
pages={640-645}, 
keywords={astronomy computing;scheduling;scientific information systems;virtual reality;wide area networks;workflow management software;astronomy application-Montage;cloud computing;resource scheduling delays;scientific workflows;virtual environment;wide-area network resource access;widearea communications;Astronomy;Cloud computing;Costs;Grid computing;Internet;Laboratories;Power grids;Resource management;Runtime;Virtual environment;cloud computing;virtual machine;workflow}, 
doi={10.1109/eScience.2008.167},}

@inproceedings{Lagar-Cavilla2009,
 author = {Lagar-Cavilla et al.},
 title = {SnowFlock: rapid virtual machine cloning for cloud computing},
 booktitle = {Proceedings of the 4th ACM European conference on Computer systems},
 series = {EuroSys '09},
 year = {2009},
 isbn = {978-1-60558-482-9},
 location = {Nuremberg, Germany},
 pages = {1--12},
 numpages = {12},
 url = {http://doi.acm.org/10.1145/1519065.1519067},
 doi = {10.1145/1519065.1519067},
 acmid = {1519067},
 publisher = {ACM},
 address = {New York, NY, USA},
 keywords = {cloud computing, virtualization},
} 

@ARTICLE{Xi2012, 
author={Chunxiao Li and Raghunathan, A. and Jha, N.K.}, 
journal={Services Computing, IEEE Transactions on}, 
title={A Trusted Virtual Machine in an Untrusted Management Environment}, 
year={2012}, 
volume={5}, 
number={4}, 
pages={472-483}, 
keywords={network interfaces;operating systems (computers);resource allocation;security of data;software reliability;trusted computing;virtual machines;virtualisation;TCB;VM management functionality;VMM;Xen virtualization system;code base;computing system;computing-as-a-service;device driver;management OS;management operating system;network interface;reliability;remote computing platform;remote computing service;resource utilization;secondary storage;secure execution environment;secure runtime environment;secure virtualization architecture;security-critical application;software portability;trusted computing base;trusted virtual machine;untrusted management environment;virtual machine management;virtual machine monitor;virtualized computing platform;Cloud computing;Computer security;Driver circuits;Memory management;Virtual machine monitors;Virtual machine;cloud computing;computing-as-a-service;memory protection;trusted computing base}, 
doi={10.1109/TSC.2011.30}, 
ISSN={1939-1374},}

@inproceedings{Django2013,
year={2013},
isbn={978-3-642-36948-3},
booktitle={Euro-Par 2012: Parallel Processing Workshops},
volume={7640},
series={Lecture Notes in Computer Science},
editor={Caragiannis, Ioannis and Alexander, Michael and Badia, RosaMaria and Cannataro, Mario and Costan, Alexandru and Danelutto, Marco and Desprez, Frédéric and Krammer, Bettina and Sahuquillo, Julio and Scott, StephenL. and Weidendorfer, Josef},
title={Runtime Virtual Machine Recontextualization for Clouds},
publisher={Springer Berlin Heidelberg},
author={Armstrong, Django and Espling, Daniel and Tordsson, Johan and Djemame, Karim and Elmroth, Erik},
pages={567-576}
}

@INPROCEEDINGS{Laszewski2012, 
author={von Laszewski, G. and Diaz, J. and Fugang Wang and Fox, G.C.}, 
booktitle={Cloud Computing (CLOUD), 2012 IEEE 5th International Conference on}, 
title={Comparison of Multiple Cloud Frameworks}, 
year={2012}, 
pages={734-741}, 
keywords={cloud computing;Eucalyptus;FutureGrid;IaaS;Nimbus;OpenNebula;OpenStack;bare-metal computing services;cloud infrastructure as a service frameworks;high-performance computing services;objective comparisons;Cloud computing;Clouds;Communities;Educational institutions;Scalability;Servers;Cloud;Eucalyptus;FutureGrid;Grid;Nimbus;OpenNebula;OpenStack;RAIN}, 
doi={10.1109/CLOUD.2012.104}, 
ISSN={2159-6182},}

@INPROCEEDINGS{Diaz2012, 
author={Diaz, J. and von Laszewski, G. and Fugang Wang and Fox, G.}, 
booktitle={Cloud Computing (CLOUD), 2012 IEEE 5th International Conference on}, 
title={Abstract Image Management and Universal Image Registration for {C}loud and {HPC} Infrastructures}, 
year={2012}, 
pages={463-470}, 
keywords={cloud computing;grid computing;image registration;security of data;FutureGrid project;HPC infrastructures;IaaS;abstract image management;administrator-controlled dynamic provisioning;cloud computing;high performance computing infrastructures;infrastructure as a service;security;software stacks;software tools;universal image registration;user-controlled dynamic provisioning;Abstracts;Computer architecture;Image generation;Image registration;Kernel;Security;Dynamic Provisioning;FutureGrid;Image Management;Image Repository;Rain}, 
doi={10.1109/CLOUD.2012.94}, 
ISSN={2159-6182},}

@article{Maurer2013,
title = "Adaptive resource configuration for Cloud infrastructure management ",
journal = "Future Generation Computer Systems ",
volume = "29",
number = "2",
pages = "472 - 487",
year = "2013",
issn = "0167-739X",
doi = "10.1016/j.future.2012.07.004",
url = "http://www.sciencedirect.com/science/article/pii/S0167739X12001525",
author = "Michael Maurer and Ivona Brandic and Rizos Sakellariou",
}

@article{Schwarzkopf2012,
year={2012},
journal={Journal of Cloud Computing},
volume={1},
number={1},
doi={10.1186/2192-113X-1-12},
title={Increasing virtual machine security in cloud environments},
url={http://dx.doi.org/10.1186/2192-113X-1-12},
publisher={Springer-Verlag},
author={Schwarzkopf, Roland and Schmidt, Matthias and Strack, Christian and Martin, Simon and Freisleben, Bernd},
pages={1-12},
language={English}
}

@INPROCEEDINGS{Zhao2012, 
author={Yong Zhao and Yanzhe Zhang and Wenhong Tian and Ruini Xue and Cui Lin}, 
booktitle={Grid Computing (GRID), 2012 ACM/IEEE 13th International Conference on}, 
title={Designing and Deploying a Scientific Computing Cloud Platform}, 
year={2012}, 
pages={104-113}, 
doi={10.1109/Grid.2012.12}, 
ISSN={1550-5510},}

@article{Goasguen2012,
  author={Sebastien Goasguen and Belmiro Moreira and Ewan Roche and Ulrich Schwickerath},
  title={Lxcloud : a prototype for an internal cloud in HEP. Experiences and lessons learned},
  journal={Journal of Physics: Conference Series},
  volume={396},
  number={3},
  pages={032098},
  url={http://stacks.iop.org/1742-6596/396/i=3/a=032098},
  year={2012},
  abstract={Born out of the desire to virtualize our batch compute farm CERN has developed an internal cloud known as lxcloud. Since December 2010 it has been used to run a small but sufficient part of our batch workload thus allowing operational and development experience to be gained. Recently, this service has evolved to a public cloud allowing selected physics users an alternate way of accessing resources.}
}
@INPROCEEDINGS{Xiaolong2012, 
author={Xiaolong Wen and Genqiang Gu and Qingchun Li and Yun Gao and Xuejie Zhang}, 
booktitle={Fuzzy Systems and Knowledge Discovery (FSKD), 2012 9th International Conference on}, 
title={Comparison of open-source cloud management platforms: OpenStack and OpenNebula}, 
year={2012}, 
pages={2457-2461}, 
keywords={cloud computing;public domain software;resource allocation;IaaS;OpenNebula;OpenStack;commercial clouds;infrastructure as a service cloud;open-source cloud management platforms;platform characteristics;user demands;Cloud computing;Communities;Computer architecture;Educational institutions;Open source software;Servers;Virtual machine monitors;Cloud Computing;Cloud Platforms;IaaS;Open Source;OpenNebula;OpenStack}, 
doi={10.1109/FSKD.2012.6234218},}

@MISC{vmcaster,
author = {Synge, Owen},
title = {VMcaster VM image publication tool. \url{https://github.com/hepix-virtualisation/vmcaster}},
month = May,
year = {2013},
url = {https://github.com/hepix-virtualisation/vmcaster}
}

@MISC{vmcatcher,
author = {Synge, Owen},
title = {VMcatcher image subscription tool. \url{https://github.com/hepix-virtualisation/vmcatcher}},
month = May,
year = {2013},
url = {https://github.com/hepix-virtualisation/vmcatcher}
}

@article{hepix,
  author={Tony Cass},
  title={The HEPiX Virtualisation Working Group: Towards a Grid of Clouds.},
  journal={Journal of Physics: Conference Series},
  volume={396},
  number={3},
  pages={032020},
  url={http://iopscience.iop.org/1742-6596/396/3/032020},
  year={2012},
  doi={10.1088/1742-6596/396/3/032020}
}

@MISC{dcache,
title = {The dCache Book. \url{http://www.dcache.org/manuals/Book/}},
month = May,
year = {2013},
url = {http://www.dcache.org/manuals/Book/}
}

@MISC{onevent,
author = {Rosende, Roberto},
title = {OpenNebula event handler. \url{https://github.com/grid-admin/vmcatcher\_eventHndlExpl\_ON}},
month = May,
year = {2013},
url = {https://github.com/grid-admin/vmcatcher\_eventHndlExpl\_ON}
}

@MISC{glancepush,
author = {Puel, Mattieu},
title = {OpenStack Glancepush service. \url{https://github.com/EGI-FCTF/glancepush/wiki}},
month = June,
year = {2013},
url = {https://github.com/EGI-FCTF/glancepush/wiki}
}

@article{wnodes,
  author={Davide Salomoni and Alessandro Italiano and Elisabetta Ronchieri},
  title={WNoDeS, a tool for integrated Grid and Cloud access and computing farm virtualization.},
  journal={Journal of Physics: Conference Series},
  volume={331},
  pages={052017},
  url={http://iopscience.iop.org/1742-6596/331/5/052017/pdf/1742-6596_331_5_052017.pdf},
  year={2011},
  doi={doi:10.1088/1742-6596/331/5/052017}
}

@MISC{marketplace,
author = {EGI},
title = {{EGI Marketplace}. \url{http://marketplace.egi.eu}},
month = June,
year = {2013},
url = {http://marketplace.egi.eu}
}

@MISC{rocci,
author = {EGI},
title = {{rOCCI API}. \url{https://github.com/gwdg/rOCCI}},
month = June,
year = {2013},
url = {https://github.com/gwdg/rOCCI}
}

@MISC{hadoop,
author = {Hadoop},
title = {Apache Hadoop. \url{http://hadoop.apache.org/}},
month = June,
year = {2013},
url = {http://hadoop.apache.org}
}

@MISC{fedcloud,
author = {FedCloud},
title = {{EGI Federated Cloud}. \url{https://wiki.egi.eu/wiki/Fedcloud-tf:FederatedCloudsTaskForce}},
month = June,
year = {2013},
url = {https://wiki.egi.eu/wiki/Fedcloud-tf:FederatedCloudsTaskForce}
}

@INPROCEEDINGS{egifedcloud, 
author={A. Sim\'on and E. Freire and R. Rosende and I. D\'iaz and A. Feij\'oo and P. Rey and J. L\'opez-Cacheiro and C. Fern\'andez}, 
booktitle={Cloud Computing (CLOUD), 2012 IEEE 5th International Conference on}, 
title={EGI FedCloud Task Force}, 
year={2012}, 
pages={-}, 
keywords={cloud computing;Grid;OpenNebula;OpenStack}, 
doi={-}, 
ISSN={-},}

@MISC{britannica,
author = {Britannica},
title = {{Encyclop{\ae}dia Britannica}. \url{http://www.britannica.com}},
month = June,
year = {2013},
url = {http://www.britannica.com}
}

@MISC{wikipedia,
author = {Wikipedia},
title = {Wikipedia. \url{http://www.wikipedia.org}},
month = June,
year = {2013},
url = {hhttp://www.wikipedia.org}
}

@MISC{scripts,
author = {EGI},
title = {Hadoop on FedCloud deployment tools. \url{https://github.com/grid-admin/hadoop}},
month = June,
year = {2013},
url = {https://github.com/grid-admin/hadoop}
}

